<?xml version="1.0" encoding="UTF-8"?><collection xmlns="http://www.loc.gov/MARC21/slim"><record><leader>00597nam--2200217-u-4500</leader><controlfield tag="001">000050692</controlfield><controlfield tag="002">20161230</controlfield><controlfield tag="005">20161230201048</controlfield><controlfield tag="008">080313s1000------------r-----000-0-eng-d</controlfield><datafield ind1=" " ind2=" " tag="020"><subfield code="a">9780198517429</subfield></datafield><datafield ind1=" " ind2=" " tag="040"><subfield code="a">IFIN-HH</subfield></datafield><datafield ind1=" " ind2=" " tag="080"><subfield code="a">512.54:539.1</subfield></datafield><datafield ind1="1" ind2=" " tag="100"><subfield code="a">Stancu,Fl</subfield></datafield><datafield ind1="1" ind2="0" tag="245"><subfield code="a">Group Theory in Subnuclear Physics</subfield><subfield code="c">Fl. Stancu</subfield></datafield><datafield ind1=" " ind2=" " tag="260"><subfield code="a">Oxford</subfield><subfield code="b">Clarendon Press</subfield><subfield code="c">2007</subfield></datafield><datafield ind1=" " ind2=" " tag="300"><subfield code="a">417 p</subfield></datafield><datafield ind1=" " ind2=" " tag="490"><subfield code="a">Oxford Studies in Nuclear Physics</subfield><subfield code="v">vol. 9</subfield></datafield><datafield ind1=" " ind2=" " tag="504"><subfield code="a">Includes Bibliographical References and Index</subfield></datafield><datafield ind1=" " ind2="4" tag="650"><subfield code="a">Lie Group</subfield></datafield><datafield ind1=" " ind2=" " tag="852"><subfield code="c">519.4/5</subfield></datafield><datafield ind1=" " ind2=" " tag="CAT"><subfield code="a">Sys</subfield><subfield code="c">20110314</subfield><subfield code="h">141950</subfield></datafield></record></collection>